@misc{CNN_7minterror,
	author	=	{John Zarella},
	title		=	{Mars landing will be ‘seven minutes of terror'},
	url		=	{http://lightyears.blogs.cnn.com/2012/08/03/8058/},
	year		=	{April 9th 2015}
}

@misc{CNNCuriosity,
	author	=	{Jason Hanna},
	title		=	{'Impressive' Curiosity landing only 1.5 miles off, NASA says},
	url		=	{http://edition.cnn.com/2012/08/10/us/mars-curiosity/index.html?eref=mrss_igoogle_cnn},
	year		=	{April 9th 2015},
	}

@misc{MARSwater,
	author	=	{Nineplanets},
	title		=	{Mars},
	url		=	{http://nineplanets.org/mars.html},
	year		=	{April 8th 2015},
}

@misc{TempEarth,
	author	=	{NASA},
	title		=	{Earth Fact Sheet},
	url		=	{http://nssdc.gsfc.nasa.gov/planetary/factsheet/earthfact.html},
	year		=	{April 28th 2015},
}

@misc{NASA-rover,
	author	=	{NASA},
	title		=	{Mars Science Laboratory Launch- Press kit},
	year		=	{2011}

}

@misc{First_radioactivity,
	author	=	{Wikipedia},
	title		=	{Radioactive decay},
	url		=	{http://en.wikipedia.org/wiki/Radioactive_decay},
	year		=	{March 18th 2015},
}

@misc{WikiEarth,
	author	=	{American Water Works Association},
	title		=	{How much of the Earth is covered with water?},
	url		=	{https://www.fcwa.org/story_of_water/html/earth.htm},
	year		=	{April 7th 2015},
}

@misc{Blood,
	author	=	{American Red Cross},
	title		=	{Plasma},
	url		=	{http://www.redcrossblood.org/learn-about-blood/blood-components/plasma},
	year		=	{April 7th 2015},
}

@misc{SurviveWater,
	author	=	{Howstuffworks},
	title		=	{Live without food and water},
	url		=	{http://adventure.howstuffworks.com/survival/wilderness/live-without-food-and-water2.htm},
	year		=	{April 7th 2015},
}

@misc{WaterContent,
	author	=	{Healthyeating},
	title		=	{List of fruits and vegetables with high water content},
	url		=	{http://healthyeating.sfgate.com/list-fruits-vegetable-high-water-content-8958.html},
	year		=	{April 7th 2015},
}

@misc{Darwin,
	author	=	{Kjetil Lysne Voje},
	title		=	{Store norske leksikon - Carles Darwin},
	url		=	{https://snl.no/Charles_Darwin},
	year		=	{March 11th 2015},
}

@misc{tectonic,
	author	=	{Ivar Ramberg \& Inge Bryhni},
	title		=	{Store norske leksikon - Platetektonikk},
	url		=	{https://snl.no/platetektonikk},
	year		=	{February 25th 2015},
}

@misc{reprod,
	author	=	{Anton Brøgger},
	title		=	{Store norske leksikon, Formering - Biologi},
	url		=	{https://snl.no/formering\%2Fbiologi},
	year		=	{March 25th 2015},
}

@misc{Conway,
	author	=	{Edwin Martin},
	title		=	{John Conway's Game of Life},
	url		=	{http://www.bitstorm.org/gameoflife},
	year		=	{March 11th 2015},
}

@misc{GreekAstro,
	author	=	{Cristian Violatti},
	title		=	{Greek Astronomy},
	url		=	{http://www.ancient.eu/Greek\_Astronomy/},
	year		=	{March 18th 2015},
}

@misc{GalileoTelescope,
	author	=	{Tammy Plotner},
	title		=	{Galileo's Telescope},
	url		=	{http://www.universetoday.com/15763/galileos-telescope/},
	year		=	{March 18th 2015},
}

@misc{Aryabhata,
	author	=	{Famous Mathematicians},
	title		=	{Aryabhata},
	url		=	{http://www.famous-mathematicians.com/aryabhata/},
	year		=	{March 18th 2015},
}

@misc{SpaceAge,
	author	=	{Space Today},
	title		=	{The Millennium: A Space and Astronomy Timeline},
	url		=	{http://www.spacetoday.org/History/MillenniumTimeline/20thCenturyLate.html},
	year		=	{March 18th 2015},
}

@misc{Egyptians,
	author	=	{Explorable},
	title		=	{Egyptian Astronomy},
	url		=	{https://explorable.com/egyptian-astronomy},
	year		=	{March 18th 2015},
}

@misc{Eukaryotes,
	author	=	{Woese, Kandler \& Wheelis},
	title		=	{Towards a natural system of organisms: proposal for the domains Archaea, Bacteria and Eucarya},
	url		=	{http://www.ncbi.nlm.nih.gov/pmc/articles/PMC54159/},
	year		=	{March 28th 2015},
}

@misc{Lovelock,
	author	=	{Lovelock},
	title		=	{Gaia as seen through the atmosphere, Atmospheric Environment (Elsewhere)},
	url		=	{page 579-580},
	year		=	{1972},
}

@misc{ProcaEuka,
	author	=	{BioMineWiki},
	title		=	{Prokaryote versus eukaryote},
	url		=	{http://wiki.biomine.skelleftea.se/wiki/index.php/Prokaryote\_versus\_eukaryote},
	year		=	{March 28th 2015},
}

@misc{ChemCam,
	author	=	{NASA},
	title		=	{Chemistry \& Camera},
	url		=	{http://msl-scicorner.jpl.nasa.gov/Instruments/ChemCam/},
	year		=	{March 11th 2015}
}

@misc{CheMin,
	author	=	{NASA},
	title		=	{Chemistry \& Mineralogy},
	url		=	{http://msl-scicorner.jpl.nasa.gov/Instruments/CheMin/},
	year		=	{March 24th 2015}
}

@misc{RAD,
	author	=	{NASA},
	title		=	{Radiation Assessment Detector},
	url		=	{http://msl-scicorner.jpl.nasa.gov/Instruments/RAD/},
	year		=	{March 24th 2015}
}

@misc{SolidWater,
	author	=	{NASA},
	title		=	{Ask an astrobiologist - Why is water important for life?},
	url		=	{https://astrobiology.nasa.gov/ask-an-astrobiologist/answered/2002/05/01/122/},
	year		=	{April 7th 2015}
}

@misc{NASAwater,
	author	=	{NASA},
	title		=	{Water: Molecule of Life},
	url		=	{http://www.nasa.gov/vision/universe/solarsystem/Water:_Molecule_of_Life.html},
	year		=	{April 8th 2015}
}

@misc{MissionTimeline,
	author	=	{NASA},
	title		=	{Launch},
	url		=	{http://mars.nasa.gov/msl/mission/timeline/launch/},
	year		=	{April 9th 2015}
}

@misc{NASALanding,
	author	=	{NASA},
	title		=	{Entry, Descent, and Landing},
	url		=	{http://mars.nasa.gov/msl/mission/timeline/edl/},
	year		=	{April 9th 2015}
}

@misc{NASA_youtube,
	author	=	{NASA},
	title		=	{7 Minutes of Terror: Curiosity Rover's Rosky Mars Landing},
	url		=	{https://www.youtube.com/watch?v=h2I8AoB1xgU},
	year		=	{April 9th 2015}
}

@misc{Parachute,
	author	=	{NASA},
	title		=	{Mars Science Laboratory Parachute Qualification Testing},
	url		=	{http://mars.jpl.nasa.gov/msl/news/index.cfm?fuseaction=shownews\&newsid=90},
	year		=	{April 9th 2015}
}

@misc{HistoricLanding,
	author	=	{Chris Gebhardt},
	title		=	{Curiosity makes HISTORIC landing at Gale Crater on Mars},
	address	=	{NASASpaceFlight}
	url		=	{http://www.nasaspaceflight.com/2012/08/msl-curiosity-historic-martian-landing-at-gale-crater/},
	year		=	{April 9th 2015}
}

@misc{FPlan13,
	author	=	{NASA},
	title		=	{Mars 2020 Mission Goals},
	url		=	{http://mars.nasa.gov/mars2020/mission/science/goals/},
	year		=	{March 28th 2015}
}

@misc{FPlan14,
	author	=	{NASA},
	title		=	{Mars 2020 Mission},
	url		=	{http://mars.nasa.gov/mars2020/mission/overview/},
	year		=	{March 28th 2015}
}

@misc{FPlan17,
	author	=	{NASA},
	title		=	{Venus: Facts and Figures},
	url		=	{solarsystem.nasa.gov/planets/profile.cfm?Object=Venus&Display=Facts},
	year		=	{April 22nd 2015}
}

@misc{FPlan21,
	author	=	{NASA},
	title		=	{Ceres: Overview},
	url		=	{solarsystem.nasa.gov/planets/proifile.cmf?Object=Dwa_Ceres},
	year		=	{April 22nd 2015}
}

@misc{FPlan23,
	author	=	{NASA},
	title		=	{Dawn at a Glance},
	url		=	{http://www.nasa.gov/mission_pages/dawn/mission/index.html#.VRB6mfmG-So},
	year		=	{March 28th 2015}
}

@misc{Europa,
	author	=	{NASA},
	title		=	{Europa: Facts \& Figures},
	url		=	{http://solarsytem.nasa.gov/planets/profile.cmf?Object=Jup_Europa&Display=Facts},
	year		=	{April 22nd 2015}
}

@misc{Titan,
	author	=	{NASA},
	title		=	{Titan: Facts \& Figures},
	url		=	{http://solarsystem.nasa.gov/planets/profile.cfm?Object=Sat_Titan&Display=Facts},
	year		=	{April 22nd 2015}
}

@misc{Enceladus,
	author	=	{NASA},
	title		=	{Enceladus: Facts \& Figures},
	url		=	{http://solarsystem.nasa.gov/planets/profile.cmf?Object=Sat_Enceladus&Display=Facts},
	year		=	{April 22nd 2015}
}

@misc{Exoboken,
	author	=	{Kjetill Østgaard},
	title		=	{Exobiology: A hitch-hiker's guide to alien life},
	year		=	{2000},
	address	=	{Institutt for bioteknologi, NTNU}
}

@book{shapiro,
	author	=	{Robert Shapiro},
	title		=	{Origins: A Skeptic's Guide to the Creation of Life on Earth},
	page		=	{110},
	publisher	=	{Bantam Books},
	year		=	{1987}
}

@article{szosa,
	author	=	{Ricardo Alonso, Jack W. Szostak},
	title		=	{Life on Earth},
	journal	=	{Scientific American}
	year		=	{2009}
}

@misc{FPlan01,
	author	=	{Mike WAll},
	title		=	{Search for Life Guides NASA's New Mars Mission Plan},
	url		=	{http://www.space.com/15271-nasa-mars-exploration-life-search.html},
	year		=	{March 28th 2015}
}

@misc{Fplan02,
	author	=	{ESA},
	title		=	{The ExoMars programme 2016-2018},
	url		=	{http://exploration.esa.int/mars/46048-programme-overview/},
	year		=	{March 28th 2015}
}

@misc{FPlan03,
	author	=	{WayBackMachine},
	title		=	{Tidal Heating, or Satellite Tug-of-War},
	url		=	{http://web.archive.org/web/20060329000051/http://geology.asu.edu/\~glg_intro/planetary/p8.htm},
	year		=	{March 28th 2015}
}

@article{FPlan04,
	author	=	{Rolf Haugaard Nielsen},
	title		=	{Liv under isen},
	journal	=	{Illustrert vitenskap nr. 5 2015}
	publisher	=	{Bonnier Publications International AS}
	year		=	{2015}
}

@misc{RichOrganics,
	author	=	{Phys.org},
	title		=	{NASA team investigates complex chemistry at Titan},
	url		=	{http://phys.org/news/2013-04-nasa-team-complex-chemistry-titan.html},
	year		=	{April 22nd 2015}
}

@misc{TiME,
	author	=	{Nell Greenfieldboyce},
	title		=	{Exploring A Moon By Boat},
	url		=	{http://www.npr.org/templates/story/story.php?storyId=112835248},
	year		=	{April 22nd 2015}
}

@misc{TALISE,
	author	=	{Zaina Adamu, Elizabeth Landau},
	title		=	{Probe would set sail on a Saturn moon},
	url		=	{http://lightyears.blogs.cnn.com/2012/10/09/probe-would-set-sail-on-a-saturn-moon/?hpt=hp_mid},
	year		=	{April 22nd 2015}
}

@misc{AVIATR,
	author	=	{Lillian Ortiz},
	title		=	{AVIATR: An Airplane Mission for Titan},
	url		=	{http://www.universetoday.com/92286/aviatr-an-airplane-mission-for-titan/},
	year		=	{April 22nd 2015}
}

@misc{FPlan07,
	author	=	{ESA},
	title		=	{TANDEM/TSSM},
	url		=	{http://sci.esa.int/tandem-tssm/},
	year		=	{March 28th 2015}
}

@misc{Enceladus1,
	author	=	{Richard A. Lovette},
	title		=	{Secret life of Saturn’s moon: Enceladus},
	url		=	{http://archive.cosmosmagazine.com/features/secret-life-saturns-moon-enceladus/},
	year		=	{April 22nd 2015}
}

@misc{FPlan09,
	author	=	{New York Times},
	title		=	{Suddenly it seems water is everywhere in solar system},
	url		=	{http://www.nytimes.com/2015/03/13/science/space/suddenly-it-seems-water-is-everywhere-in-solar-system.html?_r=0},
	year		=	{March 28th 2015}
}

@misc{FPlan10,
	author	=	{ESA},
	title		=	{TSSM NASA/ESA JOINT SUMMARY REPORT},
	url		=	{http://sci.esa.int/tandem-tssm/44033-tssm-nasa-esa-joint-summary-report/},
	year		=	{April 22nd 2015}
}

@misc{FPlan11,
	author	=	{ESA},
	title		=	{Cosmic Vision},
	url		=	{http://sci.esa.int/cosmic-vision/46510-cosmic-vision/?fbodylongid=2152},
	year		=	{March 28th 2015}
}

@misc{FPlan12,
	author	=	{Mars One},
	title		=	{Mars One},
	url		=	{http://www.mars-one.com/},
	year		=	{March 28th 2015}
}

@misc{EarthAnalysis,
	author	=	{Allan H. Treiman},
	title		=	{Groundbreaking Sample Return from Mars: The Next Giant Leap in Understanding the Red Planet},
	url		=	{http://www.lpi.usra.edu/decadal/captem/AllanTreimanMars.pdf},
	year		=	{April 22nd 2015}
}

@misc{RussiaPlan,
	author	=	{Zaitsev Yury},
	title		=	{Russia To Study Martian Moons Once Again},
	url		=	{http://www.marsdaily.com/reports/Russia\_To\_Study\_Martian\_Moons\_Once\_Again\_999.html},
	year		=	{April 22nd 2015}
}

@misc{ChinaPlan,
	author	=	{Mars Daily},
	title		=	{China to collect samples from Mars by 2030: Xinhua},
	url		=	{http://www.marsdaily.com/reports/China\_to\_collect\_samples\_from\_Mars\_by\_2030\_Xinhua\_999.html},
	year		=	{April 22nd 2015}
}

@misc{FPlan16,
	author	=	{Jonathan Amos},
	title		=	{Where now for Mars exploration?},
	url		=	{http://www.bbc.com/news/science-environment-17029019},
	year		=	{March 28th 2015}
}

@misc{FPlan18,
	author	=	{Cool Cosmos},
	title		=	{Could life exist on Venus?},
	url		=	{http://coolcosmos.ipac.caltech.edu/ask/39-Could-life-exist-on-Venus-},
	year		=	{March 28th 2015}
}

@misc{LifeVenus,
	author	=	{Leslie Mullen},
	title		=	{Cloud Colonies on Venus},
	url		=	{http://web.archive.org/web/20070807083309/http://www.astrobio.net/news/article311.html},
	year		=	{April 22nd 2015}
}

@misc{FPlan20,
	author	=	{Seth Shostak},
	title		=	{6 Most Likely Places for Alien Life in the Solar System},
	url		=	{http://www.space.com/15716-alien-life-search-solar-system.html},
	year		=	{March 28th 2015}
}

@misc{FPlan22,
	author	=	{Alan Boyle},
	title		=	{Is There Life on Ceres? Dwarf Planet Spews Water Vapor},
	url		=	{http://www.nbcnews.com/science/space/there-life-ceres-dwarf-planet-spews-water-vapor-n14506},
	year		=	{March 28th 2015}
}

@article{FPlan24,
	author	=	{Rasmus Kragh Jacobsen},
	title		=	{Vandrende plater gir liv under isen},
	journal	=	{Illustrert vitenskap nr. 6 2015}
	publisher	=	{Bonnier Publications International AS}
	year		=	{2015}
}

@misc{FPlan25,
	author	=	{Lisa Grossman},
	title		=	{Icy moon explorer gets an Alaska road test},
	url		=	{http://www.newscientist.com/article/mg22329792.400-icy-moon-explorer-gets-an-alaska-road-test.html\#.VRMTAfmG-Sr},
	year		=	{March 28th 2015}
}

@misc{FPlan26,
	author	=	{William Harris, Jacob Silverman},
	title		=	{Are we not the only Earth out there?},
	url		=	{http://science.howstuffworks.com/other-earth1.htm},
	year		=	{March 28th 2015}
}

@misc{OForm1,
	author	=	{William Bains},
	title		=	{Astrobiology},
	url		=	{http://online.liebertpub.com/doi/abs/10.1089/153110704323175124},
	year		=	{April 28th 2015}
}

@misc{OForm2,
	author	=	{Car Sagan, Tom Head},
	title		=	{Conversations with Carl Sagan},
	url		=	{https://books.google.no/books?id=gJ1rDj2nR3EC\&printsec=frontcover\&hl=no\#v=onepage\&q\&f=false},
	year		=	{April 22nd 2015}
}

@misc{OForm3,
	author	=	{The Daily Galaxy},
	title		=	{Stephen Hawking on Non-Carbon-Based Alien Life},
	url		=	{http://www.dailygalaxy.com/my\_weblog/2011/05/stephen-hawking-on-non-carbon-based-alien-life.html},
	year		=	{March 28th 2015}
}

@misc{OForm4,
	author	=	{The Living Cosmos},
	title		=	{Silicon vs. Carbon},
	url		=	{http://thelivingcosmos.com/TheNatureofLife/SiliconVsCarbon\_12May06.html},
	year		=	{March 28th 2015}
}

@misc{OForm5,
	author	=	{Norman R. Pace},
	title		=	{The universal nature of biochemistry},
	url		=	{http://www.pnas.org/content/98/3/805.full.pdf},
	year		=	{March 28th 2015}
}
@misc{OForm6,
	author	=	{Liquid Nitrogen Tank .com},
	title		=	{How cold is liquid nitrogen?},
	url		=	{http://liquidnitrogentank.com/how\_cold\_is\_liquid\_nitrogen.php},
	year		=	{March 28th 2015}
}

@misc{OForm7,
	author	=	{David Darling},
	title		=	{Ammonia-based life},
	url		=	{http://www.daviddarling.info/encyclopedia/A/ammonialife.html},
	year		=	{March 28th 2015}
}

@article{koonin,
	author	=	{E.V. Koonin, T.G. Senkevich, V.V. Dolja},
	title		=	{The Ancient Virus World and Evolution of Cells},
	journal	=	{Biol. Direct.}
	year		=	{2006}
}

@misc{villareal,
	author	=	{Luis P. Villareal},
	title		=	{Are Viruses Alive?},
	journal	=	{Scientific American}
	year		=	{2004}
}

@misc{WaterEverest,
	author	=	{Simplyilka},
	title		=	{Do you know why you can’t boil an egg on Mount Everest?},
	url		=	{http://simplyilka.com/2014/05/22/know-cant-boil-egg-mount-everest/},
	year		=	{April 21st 2015}
}

@article{biohack,
	author	=	{G. Licina, J. Tibbetts},
	title		=	{A Review on Night Enhancement Eyedrops Using Chlorin},
	journal	=	{Science for the Masses},
	edition	=	{6},
	year		=	{2015}
}

@article{nanoblood,
	author	=	{Arancha Casal, Tad Hogg, Adriano Cavalcanti},
	title		=	{Nanorobots as cellular assistans in inflammatory responses},
	publisher	=	{Stanford University, School of Medicine}
	year		=	{2004}
}

@misc{dangers,
	author	=	{Richard Gray},
	title		=	{Dangers of a manned mission to Mars},
	url		=	{http://www.telegraph.co.uk/news/science/space/10200818/Dangers-of-a-manned-mission-to-Mars.html},
	year		=	{April 10th 2015}
}
@misc{facebook,
	author	=	{Sebastian Anthony},
	title		=	{Facebook’s facial recognition software is now as accurate as the human brain, but what now?},
	url		=	{http://www.extremetech.com/extreme/178777-facebooks-facial-recognition-software-is-now-as-accurate-as-the-human-brain-but-what-now},
	year		=	{April 24th 2015}
}

@book{artilect,
	author	=	{Hugo de Garis},
	title		=	{The Artilect War},
	publisher	=	{ETC Publications}
	year		=	{1999}
}

@misc{pearson,
	author	=	{H. Pearson},
	title		=	{Genetics: What is a Gene?},
	journal	=	{Nature}
	volume	=	{411}
	year		=	{2006}
}

@misc{hankgreen,
	author	=	{Hank Green},
	title		=	{Crash Course Biology: DNA Structure and Replication},
	journal	=	{CrashCourse YT}
	year		=	{2012}
}

@misc{hankgreen2,
	author	=	{Hank Green},
	title		=	{Crash Course Biology: Biological Molecule - You Are What You Eat},
	journal	=	{CrashCourse YT}
	year		=	{2012}
}

@misc{lewontin,
	author	=	{Anthony J. Griffiths et. al.},
	title		=	{Mechanics of DNA Replication},
	chapter	=	An Introduction to Genetic Analysis,
	year		=	{2000}
}

@misc{buzz,
	author	=	{Buzz Lightyear},
	title		=	{Toy Story},
	publisher	=	{Pixar Studios},
	year		=	{1995}
}

@misc{wow,
	author	=	{National Geographic Channel},
	title		=	{The Wow! signal},
	url		=	{http://channel.nationalgeographic.com/chasing-ufos/articles/what-is-the-wow-signal/},
	year		=	{April 28th 2015}
}