
%	\bibitem{First_radioactivity}
%		Wikipedia,
%		\emph{Radioactive decay},
%		http://en.wikipedia.org/wiki/Radioactive\_decay,
%		March 18th 2015.
