@misc{ChemCam
	author	=	{NASA},
	title		=	{Chemistry & Camera},
	url		=	{http://msl-scicorner.jpl.nasa.gov/Instruments/ChemCam/},
	year		=	{March 11th 2015}
}

@misc{CheMin
	author	=	{NASA},
	title		=	{Chemistry & Mineralogy},
	url		=	{http://msl-scicorner.jpl.nasa.gov/Instruments/CheMin/},
	year		=	{March 24th 2015}
}

@misc{RAD
	author	=	{NASA},
	title		=	{Radiation Assessment Detector},
	url		=	{http://msl-scicorner.jpl.nasa.gov/Instruments/RAD/},
	year		=	{March 24th 2015}
}

@misc{SolidWater
	author	=	{NASA},
	title		=	{Ask an astrobiologist - Why is water important for life?},
	url		=	{https://astrobiology.nasa.gov/ask-an-astrobiologist/answered/2002/05/01/122/},
	year		=	{April 7th 2015}
}

@misc{NASAwater
	author	=	{NASA},
	title		=	{Water: Molecule of Life},
	url		=	{http://www.nasa.gov/vision/universe/solarsystem/Water:_Molecule_of_Life.html},
	year		=	{April 8th 2015}
}

@misc{MissionTimeline
	author	=	{NASA},
	title		=	{Launch},
	url		=	{http://mars.nasa.gov/msl/mission/timeline/launch/},
	year		=	{April 9th 2015}
}

@misc{NASALanding
	author	=	{NASA},
	title		=	{Entry, Descent, and Landing},
	url		=	{http://mars.nasa.gov/msl/mission/timeline/edl/},
	year		=	{April 9th 2015}
}

@misc{NASA_youtube
	author	=	{NASA},
	title		=	{7 Minutes of Terror: Curiosity Rover's Rosky Mars Landing},
	url		=	{https://www.youtube.com/watch?v=h2I8AoB1xgU},
	year		=	{April 9th 2015}
}

@misc{Parachute
	author	=	{NASA},
	title		=	{Mars Science Laboratory Parachute Qualification Testing},
	url		=	{http://mars.jpl.nasa.gov/msl/news/index.cfm?fuseaction=shownews&newsid=90},
	year		=	{April 9th 2015}"
}

{Parachute}
%		NASA,
%		\emph{},
%		,
%		.

@misc{
	author	=	{},
	title		=	{},
	url		=	{},
	year		=	{}"
}
























